@article{DBLP:journals/corr/LinMS016,
	author    = {Guosheng Lin and
	Anton Milan and
	Chunhua Shen and
	Ian D. Reid},
	title     = {RefineNet: Multi-Path Refinement Networks for High-Resolution Semantic
	Segmentation},
	journal   = {CoRR},
	volume    = {abs/1611.06612},
	year      = {2016},
	url       = {http://arxiv.org/abs/1611.06612},
	archivePrefix = {arXiv},
	eprint    = {1611.06612},
	timestamp = {Mon, 13 Aug 2018 16:48:32 +0200},
	biburl    = {https://dblp.org/rec/bib/journals/corr/LinMS016},
	bibsource = {dblp computer science bibliography, https://dblp.org}
}